<record><leader>00000cas a22000007a 4500</leader><controlfield tag="001">17402833</controlfield><controlfield tag="008">880128d19uu19uumsudn ne      0    0eng d</controlfield><datafield ind1=" " ind2=" " tag="010"><subfield code="a">sn 88067052 </subfield></datafield><datafield ind1=" " ind2=" " tag="040"><subfield code="a">MPC</subfield><subfield code="b">eng</subfield><subfield code="c">MPC</subfield><subfield code="d">MSJ</subfield><subfield code="d">OCLCQ</subfield></datafield><datafield ind1=" " ind2=" " tag="042"><subfield code="a">msc</subfield></datafield><datafield ind1="0" ind2=" " tag="130"><subfield code="a">Tupelo-Lee County tribune (Tupelo, Miss.)</subfield></datafield><datafield ind1="1" ind2="0" tag="245"><subfield code="a">Tupelo-Lee County tribune.</subfield></datafield><datafield ind1=" " ind2=" " tag="260"><subfield code="a">Tupelo, Miss. :</subfield><subfield code="b">R.W. Bryant</subfield></datafield><datafield ind1=" " ind2=" " tag="310"><subfield code="a">Daily (except Sunday),</subfield><subfield code="b">&lt;1956-&gt;</subfield></datafield><datafield ind1=" " ind2=" " tag="321"><subfield code="a">Weekly,</subfield><subfield code="b">&lt;-1956&gt;</subfield></datafield><datafield ind1=" " ind2=" " tag="588"><subfield code="a">Description based on: Vol. 3, no. 26 (Jan. 6, 1955).</subfield></datafield><datafield ind1=" " ind2=" " tag="752"><subfield code="a">United States</subfield><subfield code="b">Mississippi</subfield><subfield code="c">Lee</subfield><subfield code="d">Tupelo.</subfield></datafield></record>